%Miscelânea
@Misc{eia2018,
	Title                    = {Annual Energy Outlook 2018},
	
	Author                   = {Energy Information Administration - EIA},
	Year                     = {2018},
	
	Timestamp                = {2018.03.01},
	Url                      = {https://www.eia.gov/outlooks/archive/ieo17/},
	Urlaccessdate            = {11 de outubro de 2018}
}
@MISC{vallverdu2014,
	author = {David Vallverd{\'{u}}},
	title = {Study on vertical-axis wind turbines using streamtube and dynamic stall models},
	year = {2014},
	Timestamp                = {2014.06}	
}
%Master
@MastersThesis{SHINOMIYA2015d,
	Title                    = "Projeto de rotores hidrocinéticos de eixo horizontal considerando o efeito da cavitação",
	Author                   = "Léo Daiki Shinomiya",
	School                   = "Universidade Federal do Pará. Programa de Pós-Graduação em Engenharia Mecânica",
	Year                     = "2015",
	Address                  = "Belém, PA, Brasil",
	Type                     = "Mestrado em Engenharia Mecânica",
	Pagename                 = "f.",
	Pages                    = "96",
	Timestamp                = "2015.01.16",
	url = "http://www.ppgem.ufpa.br/index.php?option=com_content&view=article&id=76%3Asessao201&catid=5%3Adefesas&Itemid=13",
	Year-presented           = "2015"
}

%Article
@article{AMARANTEMESQUITA20141261,
	title = "A methodology for the transient behavior of horizontal axis hydrokinetic turbines",
	journal = "Energy Conversion and Management",
	volume = "87",
	pages = "1261 - 1268",
	year = "2014",
	issn = "0196-8904",
	doi = "https://doi.org/10.1016/j.enconman.2014.06.018",
	url = "http://www.sciencedirect.com/science/article/pii/S0196890414005433",
	author = "André Luiz Amarante Mesquita and Alexandre Luiz Amarante Mesquita and Felipe Coutinho Palheta and Jerson Rogério Pinheiro Vaz and Marcus Vinicius Girão de Morais and Carmo Gonçalves",
	keywords = "Hydrokinetic turbine, Blade Element Method, Dynamic modeling"
}
@article{Brahimi1995,
  doi = {10.1155/s1023621x95000169},
  url = {https://doi.org/10.1155/s1023621x95000169},
  year  = {1995},
  publisher = {Hindawi Limited},
  volume = {2},
  number = {1},
  pages = {15--21},
  author = {M. T. Brahimi and A. Allet and I. Paraschivoiu},
  title = {Aerodynamic Analysis Models for Vertical-Axis Wind Turbines},
  journal = {International Journal of Rotating Machinery}
}
@article{Dai2011,
  doi = {10.1177/1475090211400684},
  url = {https://doi.org/10.1177/1475090211400684},
  year  = {2011},
  month = {jun},
  publisher = {{SAGE} Publications},
  volume = {225},
  number = {3},
  pages = {295--307},
  author = {Y M Dai and N Gardiner and R Sutton and P K Dyson},
  title = {Hydrodynamic analysis models for the design of Darrieus-type vertical-axis marine current turbines},
  journal = {Proceedings of the Institution of Mechanical Engineers,  Part M: Journal of Engineering for the Maritime Environment}
}
@article{ISLAM20081087,
title = "Aerodynamic models for Darrieus-type straight-bladed vertical axis wind turbines",
journal = "Renewable and Sustainable Energy Reviews",
volume = "12",
number = "4",
pages = "1087 - 1109",
year = "2008",
issn = "1364-0321",
doi = "https://doi.org/10.1016/j.rser.2006.10.023",
url = "http://www.sciencedirect.com/science/article/pii/S136403210600164X",
author = "Mazharul Islam and David S.-K. Ting and Amir Fartaj",
keywords = "Renewable energy, Vertical axis wind turbine, VAWT, Wind, Straight-bladed, Darrieus"
}

@inproceedings{paraschivoiu2002prediction,
  title={Prediction capabilities in vertical-axis wind turbine aerodynamics},
  author={Paraschivoiu, I and Saeed, F and Desobry, V},
  booktitle={The World Wind Energy Conference and Exhibition, Berlin, Germany},
  pages={2--6},
  year={2002}
}

@article{VAZ2018509,
	title = "Drivetrain resistance and starting performance of a small wind turbine",
	journal = "Renewable Energy",
	volume = "117",
	pages = "509 - 519",
	year = "2018",
	issn = "0960-1481",
	doi = "https://doi.org/10.1016/j.renene.2017.10.071",
	url = "http://www.sciencedirect.com/science/article/pii/S0960148117310339",
	author = "Jerson R.P. Vaz and David H. Wood and Debanik Bhattacharjee and Erb F. Lins",
	keywords = "Starting friction torque, Dynamic modeling, Wind turbine, Blade element theory"
}

%Books
@book{harris2006essential,
  title={Essential Concepts of Bearing Technology},
  author={Harris, T.A. and Kotzalas, M.N.},
  isbn={9781420006599},
  series={Rolling Bearing Analysis, Fifth Edtion},
  year={2006},
  publisher={CRC Press}
}
@book{paraschivoiu2002wind,
  title={Wind turbine design: with emphasis on Darrieus concept},
  author={Paraschivoiu, Ion},
  year={2002},
  publisher={Presses inter Polytechnique}
}

@MANUAL {SKF2003,
    title  = "General Catalogue 5000 E",
    author = "SKF",
    month  = "jun",
    year   = "2003"
}