% ##################### Livros ##################### 
@BOOK{ogata5ed,
	author={Katsuhiko Ogata},
	title={Engenharia de Controle Moderno},
	publisher={ Pearson Education do Brasil},
	address={Brasil},
	year=2014,
	page={11}}


% ##################### Artigos #####################
@ARTICLE{exemplo,
	author={Y. Nogami and Akira Suzuky}, 
	title={Divergence Disease of the Pion-Baryon
	Interaction in Quark-Based Models},
	journal={Progress of Theoretical Physics},
	address={Kyoto},
	month=apr,
	year=1983,
	volume=69,
	number=4,
	pages={1184-1194}}