% ##################### Livros ##################### 
@BOOK{ogata5ed,
	author={Katsuhiko OGATA},
	title={Engenharia de Controle Moderno},
	publisher={ Pearson Education do Brasil},
	address={Brasil},
	year=2014,
	page={11}}


% ##################### Máquinas Elétricas de Fitzgerald e Kingsley - 7.ed. #####################
@book{umans2014,
  title={M{\'a}quinas El{\'e}tricas de Fitzgerald e Kingsley - 7.ed.},
  author={UMANS, S.D.},
  isbn={9788580553741},
  url={https://books.google.com.br/books?id=3Fa2AwAAQBAJ},
  year={2014},
  publisher={AMGH Editora}
}

@book{aguirre2004intro,
  title={Introdu{\c{c}}{\~a}o {\`a} identifica{\c{c}}{\~a}o de sistemas--T{\'e}cnicas lineares e n{\~a}o-lineares aplicadas a sistemas reais},
  author={AGUIRRE, Luis Antonio},
  year={2004},
  publisher={Editora UFMG}
}

@book{nise2013,
  title={Engenharia de sistemas de controle},
  author={NISE, S. Norman},
  volume={3},
  year={2013},
isbn={ 9788521621362},
  publisher={LTC}
}
% ##################### Artigos #####################

@article{quinalha2018gemeos,
  title={G{\^e}meos digitais, o futuro da ind{\'u}stria 4.0: estudo de caso},
  author={Quinalha, Eduardo},
  year={2018},
  publisher={Universidade Tecnol{\'o}gica Federal do Paran{\'a}}
}

@article{yuri_tcc,
  title={Apresenta{\c{c}}{\~a}o do artigo t{\'e}cnico elaborado em 2023 por meio da IN Proeg n{\textordmasculine} 01/2023: explorando o potencial do laborat{\'o}rio virtual de controle de sistemas com VPython no ensino de engenharia: an{\'a}lise e perspectivas para o futuro},
  author={COTA, Yuri de Oliveira},
  year={2023},
  journal={Faculdade de Engenharia elétrica, Universidade Federal do Pará - Campus Tucuruí},
  address={Pará}
}

@ARTICLE{exemplo,
	author={Y. NOGAMI and AKIRA SUZUKY}, 
	title={Divergence Disease of the Pion-Baryon
	Interaction in Quark-Based Models},
	journal={Progress of Theoretical Physics},
	address={Kyoto},
	month=apr,
	year=1983,
	volume=69,
	number=4,
	pages={1184-1194}}


% Modelagem Motor CC Série
@INPROCEEDINGS{jesus,
  author={LICEAGA-CASTRO, JESÚS U. and SILLER-ALCALÁ, IRMA I. and JAIMES-PONCE, JORGE and ALCÁNTARA-RAMÍREZ, ROBERTO},
  booktitle={2017 International Conference on Control, Artificial Intelligence, Robotics \& Optimization (ICCAIRO)}, 
  title={Series DC Motor Modeling and Identification}, 
  year={2017},
  volume={},
  number={},
  pages={248-253},
  doi={10.1109/ICCAIRO.2017.54}}


% Modelagem do braço do aeropêndulo
@INPROCEEDINGS{amin,
  author={Mohammadbagheri, Amin and Yaghoobi, Mahdi},
  booktitle={2011 UkSim 13th International Conference on Computer Modelling and Simulation}, 
  title={A New Approach to Control a Driven Pendulum with PID Method}, 
  year={2011},
  volume={},
  number={},
  pages={207-211},
  doi={10.1109/UKSIM.2011.47}}


@article{tcc_klarissa_ufpa,
    author={SOUZA KLARISSA},
    title={Identifica{\c{c}}{\~a}o n{\~a}o-linear no espa{\c{c}}o de estados por regress{\~a}o esparsa de bancada motor-gerador},
    journal={Faculdade de Engenharia elétrica, Universidade Federal do Pará - Campus Tucuruí},
    address={Pará},
    year={2023}
}

%%%%%%%%%%% Interface Gráfica para visualização e obtenção dos sinais do sistema %%%%%%%%%%%
@misc{vpython,
        title = "Site oficial da biblioteca VPython",
        author={{VPYTHON.ORG}},
        howpublished={Disponível em: \url{https://customtkinter.tomschimansky.com}. Acesso em: 01 de outubro 2023},
        year="2023"}

@misc{customtkinter,
        title = "Site oficial da biblioteca CustomTkinter",
        author={{SCKIMANSKY TOM}},
        howpublished={Disponível em: \url{https://customtkinter.tomschimansky.com}. Acesso em: 01 de outubro 2023},
        year="2023"}

@misc{matplotlib,
        title = "Site oficial da biblioteca Matplotlib",
        author={{MATPLOTLIB DEVELOPMENT TEAM}},
        howpublished={Disponível em: \url{https://matplotlib.org}. Acesso em: 01 de outubro 2023},
        year="2023"}

@misc{pyserial,
        title = "pySerial documentação Oficial",
        author={{LIECHTI CHRIS}},
        howpublished={Disponível em: \url{https://pyserial.readthedocs.io/en/latest/pyserial.html}. Acesso em: 01 de outubro 2023},
        year="2023"}

@misc{numpy_opl,
        title = "Introdução ao Numerical Python (Numpy)",
        author={{NETO ANSELMO}},
        howpublished={Disponível em: \url{http://www.opl.ufc.br/post/numpy}. Acesso em: 01 de outubro 2023},
        year="2023"}

@misc{pandas,
        title = "Site oficial da biblioteca Pandas",
        author={{PANDAS DEVELOPMENT TEAM}},
        howpublished={Disponível em: \url{https://pandas.pydata.org}. Acesso em: 01 de outubro 2023},
        year="2023"}